@INPROCEEDINGS{Li:comprehensive_comparison,

  author={Li, Dan and Fu, Zhong-Hua and Xie, Lei and Zhang, Yanning},

  booktitle={2012 International Conference on Audio, Language and Image Processing}, 

  title={Comprehensive comparison of the least mean square algorithm and the fast deconvolution algorithm for crosstalk cancellation}, 

  year={2012},

  volume={},

  number={},

  pages={224-229},

  doi={10.1109/ICALIP.2012.6376616}}
  
@TECHREPORT{Gardner:HRTF,
    author = {Bill Gardner and Keith Martin},
    title = {HRTF Measurements of a KEMAR Dummy-Head Microphone},
    institution = {MIT Media Lab Perceptual Computing},
    year = {1994},
	number = {280},
	note = {(update on October 13, 2006). [Online]. Available: \url{http://www.media.mit.edu}},
}

@inproceedings{kirkeby:deconvolution_analysis,
author = {Kirkeby, O. and Rubak, P. and Farina, Angelo},
year = {1999},
month = {02},
pages = {155 - 158},
title = {Analysis of ill-conditioning of multi-channel deconvolution problems},
isbn = {0-7803-5612-8}
}

@ARTICLE{kirkeby:deconvolution_regularization,

  author={Kirkeby, O. and Nelson, P.A. and Hamada, H. and Orduna-Bustamante, F.},

  journal={IEEE Transactions on Speech and Audio Processing}, 

  title={Fast deconvolution of multichannel systems using regularization}, 

  year={1998},

  volume={6},

  number={2},

  pages={189-194},

  doi={10.1109/89.661479}
}

@article{kirkeby:deconvolution_design,
author = {Kirkeby, Ole and Rubak, Per and Nelson, Philip and Farina, Angelo},
year = {2000},
month = {11},
pages = {},
title = {Design of Cross-Talk Cancellation Networks by Using Fast Deconvolution}
}

@INPROCEEDINGS{Gonzalez:time_domain,
  author={Gonzalez, A. and Lopez, J.J.},
  booktitle={2000 IEEE International Conference on Acoustics, Speech, and Signal Processing. Proceedings (Cat. No.00CH37100)}, 
  title={Time domain recursive deconvolution in sound reproduction}, 
  year={2000},
  volume={2},
  number={},
  pages={II833-II836 vol.2},
  doi={10.1109/ICASSP.2000.859089}}
  
@ARTICLE{143434,  author={Nelson, P.A. and Hamada, H. and Elliott, S.J.},  
journal={IEEE Transactions on Signal Processing},   
title={Adaptive inverse filters for stereophonic sound reproduction},   
year={1992},  
volume={40},  
number={7},  
pages={1621-1632},  
doi={10.1109/78.143434}
}

@ARTICLE{Mouchtaris:Inverse_filter,
  author={Mouchtaris, A. and Reveliotis, P. and Kyriakakis, C.},
  journal={IEEE Transactions on Multimedia}, 
  title={Inverse filter design for immersive audio rendering over loudspeakers}, 
  year={2000},
  volume={2},
  number={2},
  pages={77-87},
  doi={10.1109/6046.845012}}
  
@INPROCEEDINGS{4217047,  
author={Kim, Jun Seong and Kim, Sang Gyun and Yoo, Chang D.},  
booktitle={2007 IEEE International Conference on Acoustics, Speech and Signal Processing - ICASSP '07},   
title={A Novel Adaptive Crosstalk Cancellation using Psychoacoustic Model for 3D Audio},   
year={2007},  
volume={1},  
number={},  
pages={I-185-I-188},  
doi={10.1109/ICASSP.2007.366647}
}

@article{wand:a_stereo_crosstalk,
author = {Wang, Lin and Fuliang, Yin},
year = {2010},
month = {01},
pages = {},
title = {A Stereo Crosstalk Cancellation System Based on the Common-Acoustical Pole/Zero Model},
volume = {2010},
journal = {EURASIP Journal on Advances in Signal Processing},
doi = {10.1155/2010/719197}
}

@book{Ifeachor:DSP,
author = {Ifeachor, Emmanuel C. and Jervis, Barrie W.},
title = {Digital Signal Processing: A Practical Approach},
year = {2002},
isbn = {0201596199},
publisher = {Pearson Education},
edition = {2nd}
}

@article{Ferrara:FLMS,
  title={Fast implementations of LMS adaptive filters},
  author={E. Ferrara},
  journal={IEEE Transactions on Acoustics, Speech, and Signal Processing},
  year={1980},
  volume={28},
  pages={474-475}
}

@article{Bai:objective_analysis,
author = {Bai,Mingsian R.  and Lee,Chih-Chung },
title = {Objective and subjective analysis of effects of listening angle on crosstalk cancellation in spatial sound reproduction},
journal = {The Journal of the Acoustical Society of America},
volume = {120},
number = {4},
pages = {1976-1989},
year = {2006},
doi = {10.1121/1.2257986},
}


@article{Kyriakakis:fundamental_technological_limitations,
author = {Kyriakakis, Chris},
year = {1998},
month = {06},
pages = {941 - 951},
title = {Fundamental and Technological Limitations of Immersive Audio Systems},
volume = {86},
journal = {Proceedings of the IEEE},
doi = {10.1109/5.664281}
}

@manual{Intel:IPP,
author = {Intel\textsuperscript{\tiny\textregistered}},
title = {Intel\textsuperscript{\tiny\textregistered} Integrated Performance Primitives},
year = {2020},
month = {12},
}
}