@INPROCEEDINGS{Li:comprehensive_comparison,

  author={Li, Dan and Fu, Zhong-Hua and Xie, Lei and Zhang, Yanning},

  booktitle={2012 International Conference on Audio, Language and Image Processing}, 

  title={Comprehensive comparison of the least mean square algorithm and the fast deconvolution algorithm for crosstalk cancellation}, 

  year={2012},

  volume={},

  number={},

  pages={224-229},

  doi={10.1109/ICALIP.2012.6376616}}
  
@inproceedings{Gardner:HRTF,
  title={HRTF Measurements of a KEMAR Dummy-Head Microphone},
  author={B. Gardner},
  year={1994}
}

@inproceedings{kirkeby:deconvolution_analysis,
author = {Kirkeby, O. and Rubak, P. and Farina, Angelo},
year = {1999},
month = {02},
pages = {155 - 158},
title = {Analysis of ill-conditioning of multi-channel deconvolution problems},
isbn = {0-7803-5612-8}
}

@ARTICLE{kirkeby:deconvolution_regularization,

  author={Kirkeby, O. and Nelson, P.A. and Hamada, H. and Orduna-Bustamante, F.},

  journal={IEEE Transactions on Speech and Audio Processing}, 

  title={Fast deconvolution of multichannel systems using regularization}, 

  year={1998},

  volume={6},

  number={2},

  pages={189-194},

  doi={10.1109/89.661479}
}

@article{kirkeby:deconvolution_design,
author = {Kirkeby, Ole and Rubak, Per and Nelson, Philip and Farina, Angelo},
year = {2000},
month = {11},
pages = {},
title = {Design of Cross-Talk Cancellation Networks by Using Fast Deconvolution}
}
